<collection xmlns="http://www.loc.gov/MARC21/slim">
<record>
  <leader>01698nam0a22003011i 450 </leader>
  <controlfield tag="001">IT\ICCU\CNCE\037491</controlfield>
  <controlfield tag="005">20110214000000.0</controlfield>
  <datafield tag="012" ind1=" " ind2=" ">
    <subfield code="a">mino sea- mie- loEp (3) 1565 (A)</subfield>
    <subfield code="2">fei</subfield>
  </datafield>
  <datafield tag="100" ind1=" " ind2=" ">
    <subfield code="a">19981019d1565        0itac0103    ba</subfield>
  </datafield>
  <datafield tag="101" ind1=" " ind2=" ">
    <subfield code="a">ITA</subfield>
  </datafield>
  <datafield tag="102" ind1=" " ind2=" ">
    <subfield code="a">IT</subfield>
  </datafield>
  <datafield tag="200" ind1="1" ind2=" ">
    <subfield code="a">Delle cose notabili che sono in Venetia. Libri due, ne quali ampiamente, e con ogni verit,̉ si contengono usanze antiche. Habiti &amp; vestiti. Officii e magistrati ... Principi e vita loro. Tutti i patriarchi. ... Con la sua tauola da trouar le materie ...</subfield>
  </datafield>
  <datafield tag="210" ind1=" " ind2=" ">
    <subfield code="a">In Venetia</subfield>
    <subfield code="c">appresso Francesco Rampazetto,</subfield>
    <subfield code="e">\Venezia!</subfield>
    <subfield code="g">appresso Francesco Rampazetto</subfield>
    <subfield code="h">1565</subfield>
  </datafield>
  <datafield tag="215" ind1=" " ind2=" ">
    <subfield code="a">89, \1! c.</subfield>
    <subfield code="d">12ʻ</subfield>
  </datafield>
  <datafield tag="620" ind1=" " ind2=" ">
    <subfield code="a">IT</subfield>
    <subfield code="d">Venezia</subfield>
  </datafield>
  <datafield tag="700" ind1=" " ind2="1">
    <subfield code="a">Sansovino,</subfield>
    <subfield code="b">Francesco</subfield>
    <subfield code="3">IT\ICCU\CNCA\000140</subfield>
  </datafield>
  <datafield tag="712" ind1="0" ind2="0">
    <subfield code="a">Rampazetto, Francesco</subfield>
    <subfield code="c"> &lt;1.&gt;</subfield>
    <subfield code="3">IT\ICCU\CNCT\000034</subfield>
    <subfield code="4">650</subfield>
  </datafield>
  <datafield tag="790" ind1=" " ind2="1">
    <subfield code="a">Tatti,</subfield>
    <subfield code="b">Giovanni</subfield>
    <subfield code="3">IT\ICCU\CNCA\018531</subfield>
    <subfield code="z">Sansovino, Francesco</subfield>
  </datafield>
  <datafield tag="790" ind1=" " ind2="1">
    <subfield code="a">Guisconi,</subfield>
    <subfield code="b">Anselmo</subfield>
    <subfield code="3">IT\ICCU\CNCA\026417</subfield>
    <subfield code="z">Sansovino, Francesco</subfield>
  </datafield>
  <datafield tag="791" ind1="0" ind2="2">
    <subfield code="a">Rampazzetto Francesco</subfield>
    <subfield code="3">IT\ICCU\CNCT\005286</subfield>
    <subfield code="z">Rampazetto, Francesco &lt;1.&gt;</subfield>
  </datafield>
  <datafield tag="791" ind1="0" ind2="0">
    <subfield code="a">Rampazetus, Franciscus</subfield>
    <subfield code="3">IT\ICCU\CNCT\005287</subfield>
    <subfield code="z">Rampazetto, Francesco &lt;1.&gt;</subfield>
  </datafield>
  <datafield tag="801" ind1=" " ind2="3">
    <subfield code="a">IT</subfield>
    <subfield code="b">ICCU</subfield>
    <subfield code="c">20201114</subfield>
  </datafield>
  <datafield tag="899" ind1=" " ind2=" ">
    <subfield code="a">Biblioteca civica Romolo Spezioli. Fermo</subfield>
    <subfield code="1">AP0012</subfield>
    <subfield code="2">UMC FM</subfield>
  </datafield>
  <datafield tag="899" ind1=" " ind2=" ">
    <subfield code="a">Biblioteca Apostolica Vaticana. Citt ̉del Vaticano</subfield>
    <subfield code="1">EX0001</subfield>
    <subfield code="2">ZCV 01</subfield>
  </datafield>
  <datafield tag="899" ind1=" " ind2=" ">
    <subfield code="a">Biblioteca romana. Roma</subfield>
    <subfield code="1">RM0275</subfield>
    <subfield code="2">RMR AC</subfield>
  </datafield>
  <datafield tag="899" ind1=" " ind2=" ">
    <subfield code="a">Biblioteca nazionale Marciana. Venezia</subfield>
    <subfield code="1">VE0049</subfield>
    <subfield code="2">VEA BM</subfield>
  </datafield>
  <datafield tag="911" ind1=" " ind2=" ">
    <subfield code="a">Sul front.</subfield>
    <subfield code="9">IT\ICCU\CNCM\000288</subfield>
  </datafield>
  <datafield tag="921" ind1=" " ind2=" ">
    <subfield code="a">IT\ICCU\CNCM\000288</subfield>
    <subfield code="b">Due putti alati sulle nuvole tengono in alto corone di alloro.</subfield>
    <subfield code="e">Et animo et corpori.</subfield>
    <subfield code="c">Z989</subfield>
    <subfield code="d">Dimensioni: 3 x 3,8</subfield>
    <subfield code="f">ALLORO</subfield>
    <subfield code="f">CORONE</subfield>
    <subfield code="f">ETANIMOETC</subfield>
    <subfield code="f">NUVOLE</subfield>
    <subfield code="f">PUTTI</subfield>
    <subfield code="g">1556-1571</subfield>
  </datafield>
</record>
</collection>
